<record xmlns='http://www.loc.gov/MARC21/slim'><leader>01827cam a2200469Ii 4500</leader><controlfield tag='001'>10002695</controlfield><controlfield tag='005'>20180523141545.0</controlfield><controlfield tag='008'>161107r20161890ja      r     001 0 jpn d</controlfield><datafield ind1=' ' ind2=' ' tag='035'><subfield code='a'>(OCoLC)on1000527899</subfield></datafield><datafield ind1=' ' ind2=' ' tag='040'><subfield code='a'>PUL</subfield><subfield code='b'>eng</subfield><subfield code='e'>rda</subfield><subfield code='c'>PUL</subfield></datafield><datafield ind1=' ' ind2=' ' tag='035'><subfield code='a'>(OCoLC)1000527899</subfield></datafield><datafield ind1=' ' ind2=' ' tag='043'><subfield code='a'>a-ja---</subfield></datafield><datafield ind1=' ' ind2='4' tag='050'><subfield code='a'>BQ8712.9.J3</subfield><subfield code='b'>Z35 2016</subfield></datafield><datafield ind1=' ' ind2=' ' tag='049'><subfield code='a'>PULL</subfield></datafield><datafield ind1='0' ind2='0' tag='245'><subfield code='6'>880-01</subfield><subfield code='a'>Zasshi &quot;Kokkyō&quot; to Kyūshū shinshū /</subfield><subfield code='c'>Nakanishi Naoki hen, kaidai.</subfield></datafield><datafield ind1='1' ind2=' ' tag='246'><subfield code='6'>880-02</subfield><subfield code='a'>Kokkyō</subfield></datafield><datafield ind1=' ' ind2='1' tag='264'><subfield code='6'>880-03</subfield><subfield code='a'>Tōkyō :</subfield><subfield code='b'>Fuji Shuppan,</subfield><subfield code='c'>2016.</subfield></datafield><datafield ind1=' ' ind2=' ' tag='300'><subfield code='a'>3 volumes ;</subfield><subfield code='c'>27 cm +</subfield><subfield code='e'>1 supplement</subfield></datafield><datafield ind1=' ' ind2=' ' tag='336'><subfield code='a'>text</subfield><subfield code='b'>txt</subfield><subfield code='2'>rdacontent</subfield></datafield><datafield ind1=' ' ind2=' ' tag='337'><subfield code='a'>unmediated</subfield><subfield code='b'>n</subfield><subfield code='2'>rdamedia</subfield></datafield><datafield ind1=' ' ind2=' ' tag='338'><subfield code='a'>volume</subfield><subfield code='b'>nc</subfield><subfield code='2'>rdacarrier</subfield></datafield><datafield ind1=' ' ind2=' ' tag='504'><subfield code='a'>Includes bibliographical references.</subfield></datafield><datafield ind1=' ' ind2=' ' tag='500'><subfield code='a'>Reprint of Kokkyō, Dai-2 Kokkyō, Kyūshū Bukkyōgun,with Kaidai, sōmokuji, sakuin.</subfield></datafield><datafield ind1=' ' ind2='0' tag='650'><subfield code='a'>Shin (Sect)</subfield><subfield code='z'>Japan</subfield><subfield code='z'>Kyūshū Region</subfield><subfield code='x'>History</subfield><subfield code='x'>Periodicals.</subfield></datafield><datafield ind1=' ' ind2='0' tag='651'><subfield code='a'>Kyūshū Region (Japan)</subfield><subfield code='x'>Religion</subfield><subfield code='v'>Periodicals.</subfield></datafield><datafield ind1='1' ind2=' ' tag='700'><subfield code='6'>880-04</subfield><subfield code='a'>Nakanishi, Naoki,</subfield><subfield code='d'>1961-</subfield><subfield code='e'>editor.</subfield></datafield><datafield ind1='0' ind2='2' tag='730'><subfield code='6'>880-05</subfield><subfield code='a'>Kokkyō</subfield></datafield><datafield ind1='0' ind2='2' tag='730'><subfield code='6'>880-06</subfield><subfield code='a'>Dai-2 Kokkyō</subfield></datafield><datafield ind1='0' ind2='2' tag='730'><subfield code='6'>880-07</subfield><subfield code='a'>Kyūshū Bukkyōgun</subfield></datafield><datafield ind1='0' ind2='0' tag='880'><subfield code='6'>245-01</subfield><subfield code='a'>雑誌「国教」と九州真宗 /</subfield><subfield code='c'>中西直樹編・解題.</subfield></datafield><datafield ind1='1' ind2=' ' tag='880'><subfield code='6'>246-02</subfield><subfield code='a'>国教</subfield></datafield><datafield ind1=' ' ind2='1' tag='880'><subfield code='6'>264-03</subfield><subfield code='a'>東京 :</subfield><subfield code='b'>不二出版,</subfield><subfield code='c'>2016.</subfield></datafield><datafield ind1=' ' ind2=' ' tag='880'><subfield code='6'>500-00</subfield><subfield code='a'>Reprint periodicals of 国教, 第二国教,九州仏教軍,with 解題、総目次、索引.</subfield></datafield><datafield ind1='1' ind2=' ' tag='880'><subfield code='6'>700-04</subfield><subfield code='a'>中西直樹,</subfield><subfield code='d'>1961-</subfield><subfield code='e'>editor.</subfield></datafield><datafield ind1='0' ind2='2' tag='880'><subfield code='6'>730-05</subfield><subfield code='a'>国教</subfield></datafield><datafield ind1='0' ind2='2' tag='880'><subfield code='6'>730-06</subfield><subfield code='a'>第二国教</subfield></datafield><datafield ind1='0' ind2='2' tag='880'><subfield code='6'>730-07</subfield><subfield code='a'>九州仏教軍</subfield></datafield><datafield ind1='4' ind2='1' tag='856'><subfield code='3'>Table of contents</subfield><subfield code='u'>http://arks.princeton.edu/ark:/88435/d504rp938</subfield></datafield><datafield ind1=' ' ind2=' ' tag='904'><subfield code='a'>tm</subfield><subfield code='b'>o</subfield><subfield code='h'>m</subfield><subfield code='c'>t</subfield><subfield code='e'>20161108</subfield></datafield><datafield ind1=' ' ind2=' ' tag='994'><subfield code='a'>C0</subfield><subfield code='b'>PUL</subfield></datafield><datafield ind1=' ' ind2=' ' tag='999'><subfield code='a'>10002695</subfield></datafield><datafield ind1=' ' ind2=' ' tag='902'><subfield code='a'>csw</subfield><subfield code='s'>sm</subfield><subfield code='b'>o</subfield><subfield code='6'>a</subfield><subfield code='7'>m</subfield><subfield code='d'>v</subfield><subfield code='f'>3</subfield><subfield code='e'>20170814</subfield></datafield><datafield ind1='0' ind2=' ' tag='852'><subfield code='0'>9807501</subfield><subfield code='b'>rcppa</subfield><subfield code='h'>BQ8712.9.J3</subfield><subfield code='i'>Z35 2016</subfield><subfield code='x'>tr fr gest cjk</subfield></datafield><datafield ind1=' ' ind2='0' tag='866'><subfield code='0'>9807501</subfield><subfield code='a'>Vol. 1- v. 3, Suppl.</subfield></datafield><datafield ind1=' ' ind2=' ' tag='959'><subfield code='a'>2017-08-14 13:36:34 -0400</subfield></datafield></record>